<record><leader>00000cas a2200000 a 4500</leader><controlfield tag="001">30886979</controlfield><controlfield tag="008">940729d19671970pauwr ne      0   a0eng c</controlfield><datafield ind1=" " ind2=" " tag="010"><subfield code="a">sn2002061494</subfield></datafield><datafield ind1=" " ind2=" " tag="040"><subfield code="a">TEU</subfield><subfield code="b">eng</subfield><subfield code="c">TEU</subfield><subfield code="d">OCL</subfield><subfield code="d">NYS</subfield><subfield code="d">OCLCQ</subfield><subfield code="d">OCLCF</subfield><subfield code="d">OCLCO</subfield></datafield><datafield ind1=" " ind2=" " tag="019"><subfield code="a">1566780</subfield><subfield code="a">17622388</subfield></datafield><datafield ind1="1" ind2=" " tag="029"><subfield code="a">AU@</subfield><subfield code="b">000023562362</subfield></datafield><datafield ind1=" " ind2=" " tag="042"><subfield code="a">pcc</subfield></datafield><datafield ind1=" " ind2=" " tag="043"><subfield code="a">n-us-pa</subfield></datafield><datafield ind1="0" ind2=" " tag="082"><subfield code="a">051</subfield></datafield><datafield ind1="0" ind2="0" tag="245"><subfield code="a">Distant drummer.</subfield></datafield><datafield ind1=" " ind2=" " tag="260"><subfield code="a">Philadelphia, Pa. :</subfield><subfield code="b">[s.n.],</subfield><subfield code="c">1967-1970.</subfield></datafield><datafield ind1=" " ind2=" " tag="300"><subfield code="a">no. :</subfield><subfield code="b">ill. ;</subfield><subfield code="c">43 cm.</subfield></datafield><datafield ind1=" " ind2=" " tag="310"><subfield code="a">Weekly,</subfield><subfield code="b">&lt;Jan. 1969-Sept. 24, 1970&gt;</subfield></datafield><datafield ind1=" " ind2=" " tag="321"><subfield code="a">Biweekly,</subfield><subfield code="b">&lt;Oct. 18, 1968-Jan. 1969&gt;</subfield></datafield><datafield ind1=" " ind2=" " tag="321"><subfield code="a">Monthly,</subfield><subfield code="b">&lt;Nov. 1967-Oct. 1968&gt;</subfield></datafield><datafield ind1="0" ind2=" " tag="362"><subfield code="a">No. 1 (Nov. 1967)-no. 104 (Sept. 24, l970).</subfield></datafield><datafield ind1=" " ind2=" " tag="500"><subfield code="a">Published by: Distant Drummer, Inc., &lt;Jan. 22-29, 1970&gt;-</subfield></datafield><datafield ind1=" " ind2=" " tag="500"><subfield code="a">From 1969 to 1970, title includes 3 numbers of Rising sun monthly.</subfield></datafield><datafield ind1=" " ind2=" " tag="530"><subfield code="a">Also issued on microfilm from UMI (Underground Press Collection).</subfield></datafield><datafield ind1=" " ind2=" " tag="580"><subfield code="a">Continued in 1970 by: Thursday's drummer.</subfield></datafield><datafield ind1=" " ind2="0" tag="650"><subfield code="a">Underground press publications</subfield><subfield code="z">Pennsylvania</subfield><subfield code="z">Philadelphia</subfield><subfield code="v">Sources.</subfield></datafield><datafield ind1=" " ind2="0" tag="651"><subfield code="a">Philadelphia (Pa.)</subfield><subfield code="v">Newspapers.</subfield></datafield><datafield ind1=" " ind2="0" tag="651"><subfield code="a">Philadelphia County (Pa.)</subfield><subfield code="v">Newspapers.</subfield></datafield><datafield ind1=" " ind2="7" tag="655"><subfield code="a">Newspapers.</subfield><subfield code="2">fast</subfield><subfield code="0">(OCoLC)fst01423814</subfield></datafield><datafield ind1=" " ind2="7" tag="655"><subfield code="a">Sources.</subfield><subfield code="2">fast</subfield><subfield code="0">(OCoLC)fst01423900</subfield></datafield><datafield ind1=" " ind2="7" tag="650"><subfield code="a">Underground press publications.</subfield><subfield code="2">fast</subfield><subfield code="0">(OCoLC)fst01160984</subfield></datafield><datafield ind1=" " ind2="7" tag="651"><subfield code="a">Pennsylvania</subfield><subfield code="z">Philadelphia.</subfield><subfield code="2">fast</subfield><subfield code="0">(OCoLC)fst01204170</subfield></datafield><datafield ind1=" " ind2="7" tag="651"><subfield code="a">Pennsylvania</subfield><subfield code="z">Philadelphia County.</subfield><subfield code="2">fast</subfield><subfield code="0">(OCoLC)fst01217128</subfield></datafield><datafield ind1="0" ind2="2" tag="740"><subfield code="a">Rising sun monthly.</subfield></datafield><datafield ind1=" " ind2=" " tag="752"><subfield code="a">United States</subfield><subfield code="b">Pennsylvania</subfield><subfield code="c">Philadelphia</subfield><subfield code="d">Philadelphia.</subfield></datafield><datafield ind1="1" ind2=" " tag="776"><subfield code="c">Microfilm</subfield><subfield code="d">UMI</subfield><subfield code="k">Underground Press Collection</subfield><subfield code="w">(OCoLC)17928503</subfield></datafield><datafield ind1="0" ind2="0" tag="785"><subfield code="t">Thursday's drummer</subfield><subfield code="w">(DLC)sn2002061498</subfield><subfield code="w">(OCoLC)5730596</subfield></datafield></record>